<collection xmlns="http://www.loc.gov/MARC21/slim">
<record>
  <leader>01318nam0a2200265 i 450 </leader>
  <controlfield tag="001">IT\ICCU\CNCE\057339</controlfield>
  <controlfield tag="005">20130524000000.0</controlfield>
  <datafield tag="012" ind1=" " ind2=" ">
    <subfield code="a">lear t-.e g.o- rico (3) 1583 (R)</subfield>
    <subfield code="2">fei</subfield>
  </datafield>
  <datafield tag="100" ind1=" " ind2=" ">
    <subfield code="a">20040409d1583        0itac0103    ba</subfield>
  </datafield>
  <datafield tag="101" ind1=" " ind2=" ">
    <subfield code="a">LAT</subfield>
  </datafield>
  <datafield tag="102" ind1=" " ind2=" ">
    <subfield code="a">IT</subfield>
  </datafield>
  <datafield tag="200" ind1="1" ind2=" ">
    <subfield code="a">Considerationes super deffectibus impedientibus, quod quis non possit admitti ad collegium dominorum aduocatorum Veronae. Annib. Rocchi Veronensis i.v.d</subfield>
  </datafield>
  <datafield tag="210" ind1=" " ind2=" ">
    <subfield code="a">Veronae</subfield>
    <subfield code="c">ex typographia Hieronymi Stringarij</subfield>
    <subfield code="d">&amp; fratrum</subfield>
    <subfield code="d">1583</subfield>
  </datafield>
  <datafield tag="215" ind1=" " ind2=" ">
    <subfield code="a">\2!, 27, \1! c.</subfield>
    <subfield code="d">4ʻ</subfield>
  </datafield>
  <datafield tag="620" ind1=" " ind2=" ">
    <subfield code="a">IT</subfield>
    <subfield code="d">Verona</subfield>
  </datafield>
  <datafield tag="700" ind1=" " ind2="1">
    <subfield code="a">Rocchi,</subfield>
    <subfield code="b">Annibale</subfield>
    <subfield code="3">IT\ICCU\CNCA\009502</subfield>
  </datafield>
  <datafield tag="712" ind1="0" ind2="0">
    <subfield code="a">Stringario, Girolamo &amp; fratelli</subfield>
    <subfield code="3">IT\ICCU\CNCT\002746</subfield>
    <subfield code="4">650</subfield>
  </datafield>
  <datafield tag="790" ind1=" " ind2="1">
    <subfield code="a">Rochus,</subfield>
    <subfield code="b">Annibal</subfield>
    <subfield code="3">IT\ICCU\CNCA\023682</subfield>
    <subfield code="z">Rocchi, Annibale</subfield>
  </datafield>
  <datafield tag="790" ind1=" " ind2="1">
    <subfield code="a">Rocchus,</subfield>
    <subfield code="b">Annibal</subfield>
    <subfield code="3">IT\ICCU\CNCA\026016</subfield>
    <subfield code="z">Rocchi, Annibale</subfield>
  </datafield>
  <datafield tag="791" ind1="0" ind2="0">
    <subfield code="a">Strengari, Girolamo &amp; fratelli</subfield>
    <subfield code="3">IT\ICCU\CNCT\004108</subfield>
    <subfield code="z">Stringario, Girolamo &amp; fratelli</subfield>
  </datafield>
  <datafield tag="801" ind1=" " ind2="3">
    <subfield code="a">IT</subfield>
    <subfield code="b">ICCU</subfield>
    <subfield code="c">20201115</subfield>
  </datafield>
  <datafield tag="899" ind1=" " ind2=" ">
    <subfield code="a">Biblioteca civica. Verona</subfield>
    <subfield code="1">VR0059</subfield>
    <subfield code="2">ZVR 02</subfield>
  </datafield>
  <datafield tag="899" ind1=" " ind2=" ">
    <subfield code="a">Biblioteca del Seminario vescovile. Verona</subfield>
    <subfield code="1">VR0061</subfield>
    <subfield code="2">PBE 83</subfield>
  </datafield>
  <datafield tag="911" ind1=" " ind2=" ">
    <subfield code="a">Sul front.</subfield>
    <subfield code="9">IT\ICCU\CNCM\000801</subfield>
  </datafield>
  <datafield tag="921" ind1=" " ind2=" ">
    <subfield code="a">IT\ICCU\CNCM\000801</subfield>
    <subfield code="b">Aquila tiene tra gli artigli un altro uccello. In cornice.</subfield>
    <subfield code="e">Natura iubente et arte exequente</subfield>
    <subfield code="c">V538</subfield>
    <subfield code="c">Z148</subfield>
    <subfield code="d">Dimensioni: 4,5 x 5,7</subfield>
    <subfield code="f">AQUILA</subfield>
    <subfield code="g">1579-1598</subfield>
  </datafield>
</record>
</collection>
